@article{yassin1994latex,
	title={Latex allergy in hospital employees.},
	author={Yassin, Mohamed S and Lierl, Michelle B and Fischer, Thomas J and O'Brien, Kevin and Cross, Jennifer and Steinmetz, Christine},
	journal={Annals of allergy},
	volume={72},
	number={3},
	pages={245--249},
	year={1994}
}
@book{lamport1994latex,
	title={LATEX: a document preparation system: user's guide and reference manual},
	author={Lamport, Leslie},
	year={1994},
	publisher={Addison-wesley}
}
@techreport{makuuchi2000progress,
	title={Progress in radiation vulcanization of natural rubber latex},
	author={Makuuchi, Keizo},
	year={2000}
}
@book{goossens1994latex,
	title={The LATEX companion},
	author={Goossens, Michel and Mittelbach, Frank and Samarin, Alexander},
	year={1994},
	publisher={Addison-Wesley Reading}
}

@misc{onlineWindows,
	author = {MultiMedia LLC},
	title = {{MS Windows NT} Kernel Description},
	year = 1999,
	howpublished = {\url{http://web.archive.org/web/20080207010024/http://www.808multimedia.com/winnt/kernel.htm}},
	note = {Accessed: 2010-09-30}
}
@ARTICLE{smit54,
	AUTHOR = {J. G. Smith and H. K. Weston},
	TITLE = {Nothing Particular in this Year's History},
	YEAR = {1954},
	JOURNAL = {J. Geophys. Res.},
	VOLUME = {2},
	PAGES = {14-15}
}
@BOOK{colu92,
	AUTHOR = {Christopher Columbus},
	TITLE = {How {I} Discovered {America}},
	YEAR = {1492},
	PUBLISHER = {Hispanic Press},
	ADDRESS = {Barcelona}
}
@ARTICLE{gree00,
	AUTHOR = {R. J. Green and U. P. Fred and W. P. Norbert},
	TITLE = {Things that Go Bump in the Night},
	YEAR = {1900},
	JOURNAL = {Psych. Today},
	VOLUME = {46},
	PAGES = {345-678}
}
@ARTICLE{phil99,
	AUTHOR = {T. P. Phillips},
	TITLE = {Possible Influence of the Magnetosphere on {American} History},
	YEAR = {1999},
	JOURNAL = {J. Oddball Res.},
	VOLUME = {98},
	PAGES = {1000-1003}
}
@ARTICLE{jame76,
	AUTHOR = {Kelly James and Harris, Jr., George and Wilby Wollops},
	TITLE = {{American} Independence and Magnetism},
	YEAR = {1776},
	JOURNAL = {Revol. Tracts},
	VOLUME = {32},
	PAGES = {34-55}
}
@Misc{TeXFAQ,
	title =        {{UK} List of {\TeX} Frequently Asked Questions},
	author =       {{UK \TeX{} Users Group}},
	year =         2019,
	howpublished = {\url{https://texfaq.org}}
}

@Manual{Downes04:amsart,
	title =        {The \textsf{amsart}, \textsf{amsproc}, and
	\textsf{amsbook} document~classes},
	author =       {Michael Downes and Barbara Beeton},
	organization = {American Mathematical Society},
	year =         2004,
	month =        aug,
	note =         {\url{http://www.ctan.org/pkg/amslatex}}
}

@Manual{Fiorio15,
	title =        {{a}lgorithm2e.sty---package for algorithms},
	author =       {Cristophe Fiorio},
	year =         2015,
	month =        oct,
	note =         {\url{http://www.ctan.org/pkg/algorithm2e}}
}

@Manual{Brito09,
	title =        {The algorithms bundle},
	author =       {Rog\'erio Brito},
	year =         2009,
	month =        aug,
	note =         {\url{http://www.ctan.org/pkg/algorithms}}
}

@Manual{Heinz15,
	title =        {The Listings Package},
	author =       {Carsten Heinz and Brooks Moses and Jobst Hoffmann},
	year =         2015,
	month =        jun,
	note =         {\url{http://www.ctan.org/pkg/listings}}
}

@Manual{Fear05,
	title =        {Publication quality tables in {\LaTeX}},
	author =       {Simon Fear},
	year =         2005,
	month =        apr,
	note =         {\url{http://www.ctan.org/pkg/booktabs}}
}

@Manual{ACMIdentityStandards,
	title =        {{ACM} Visual Identity Standards},
	organization = {Association for Computing Machinery},
	year =         2007,
	note =         {\url{http://identitystandards.acm.org}}
}

@Manual{Sommerfeldt13:Subcaption,
	title =        {The subcaption package},
	author =       {Axel Sommerfeldt},
	year =         2013,
	month =        apr,
	note =         {\url{http://www.ctan.org/pkg/subcaption}}
}

@Manual{Nomencl,
	title =        {A package to create a nomenclature},
	author =       {Boris Veytsman and Bern Schandl and Lee Netherton
	and C. V. Radhakrishnan},
	year =         2005,
	month =        sep,
	note =         {\url{http://www.ctan.org/pkg/nomencl}}
}

@Manual{Talbot16:Glossaries,
	title =        {User Manual for glossaries.sty v4.44},
	author =       {Nicola L. C. Talbot},
	year =         2019,
	month =        dec,
	note =         {\url{http://www.ctan.org/pkg/glossaries}}
}

@Manual{Carlisle04:Textcase,
	title =        {The \textsl{textcase} package},
	author =       {David Carlisle},
	month =        oct,
	year =         2004,
	note =         {\url{http://www.ctan.org/pkg/textcase}}
}

